<?xml version="1.0" encoding="UTF-8"?><record xmlns="http://www.loc.gov/MARC21/slim" xmlns:cinclude="http://apache.org/cocoon/include/1.0" xmlns:zs="http://www.loc.gov/zing/srw/">
  <leader>00514nz  a2200133n  4500</leader>
  <controlfield tag="001">no2011073724</controlfield>
  <controlfield tag="003">DLC</controlfield>
  <controlfield tag="005">20110512075400.0</controlfield>
  <controlfield tag="008">110510n| acannaabn          |n aaa     c</controlfield>
  <datafield tag="010" ind1=" " ind2=" ">
    <subfield code="a">no2011073724</subfield>
  </datafield>
  <datafield tag="035" ind1=" " ind2=" ">
    <subfield code="a">(OCoLC)oca08852630</subfield>
  </datafield>
  <datafield tag="040" ind1=" " ind2=" ">
    <subfield code="a">DCS</subfield>
    <subfield code="b">eng</subfield>
    <subfield code="c">DCS</subfield>
  </datafield>
  <datafield tag="100" ind1="1" ind2=" ">
    <subfield code="a">Wollman, Roger L.,</subfield>
    <subfield code="d">1934-</subfield>
  </datafield>
  <datafield tag="670" ind1=" " ind2=" ">
    <subfield code="a">U.S. Cong. Senate. Comm. on the Judiciary. Confirmation hearings on federal appointments, 1985-1986, pt. 2:</subfield>
    <subfield code="b">p. 148 (Roger L. Wollman, nominee, U.S. Circuit Judge, Eight Circuit, b. May 29, 1934, Frankfort, S.D.)</subfield>
  </datafield>
</record>